 @article{haskore
    ,author={Paul Hudak and Tom Makucevich and 
             Syam Gadde and Bo Whong}
    ,title={Haskore Music Notation -- An Algebra of Music}
    ,month=May
    ,year=1996
    ,volume=6
    ,number=3
    ,pages={465--483}
    ,journal={Journal of Functional Programming}
    } 

 @INPROCEEDINGS{haskoreTut,
    author = {Paul Hudak},
    title = {Haskore Music Tutorial},
    booktitle = {In Second International School on Advanced Functional Programming},
    year = {1996},
    pages = {38--67},
    publisher = {Springer Verlag}
}

@article{HSoM,
  title={The Haskell School of Music--From Signals to Symphonies},
  author={Hudak, Paul},
  journal={Yale University, Department of Computer Science},
  year={2013}
}

@INPROCEEDINGS{Hudak07ahistory,
    author = {Paul Hudak and John Hughes and Simon Peyton Jones and Philip Wadler},
    title = {A history of Haskell: Being lazy with class},
    booktitle = {In Proceedings of the 3rd ACM SIGPLAN Conference on History of Programming Languages (HOPL-III},
    year = {2007},
    pages = {1--55},
    publisher = {ACM Press}
}